<record><leader>00000cas a22000007a 4500</leader><controlfield tag="001">22153239</controlfield><controlfield tag="008">900727d18uu1uuunyudn ne      0    0eng d</controlfield><datafield ind1=" " ind2=" " tag="010"><subfield code="a">sn 90066234 </subfield></datafield><datafield ind1=" " ind2=" " tag="040"><subfield code="a">NYG</subfield><subfield code="b">eng</subfield><subfield code="c">NYG</subfield><subfield code="d">NYS</subfield><subfield code="d">OCL</subfield><subfield code="d">OCLCQ</subfield><subfield code="d">OCLCF</subfield><subfield code="d">OCLCO</subfield></datafield><datafield ind1=" " ind2=" " tag="042"><subfield code="a">msc</subfield></datafield><datafield ind1=" " ind2=" " tag="043"><subfield code="a">n-us-ny</subfield></datafield><datafield ind1="0" ind2=" " tag="130"><subfield code="a">Daily Republican (Saratoga Springs, N.Y.)</subfield></datafield><datafield ind1="1" ind2="0" tag="245"><subfield code="a">Daily Republican.</subfield></datafield><datafield ind1=" " ind2=" " tag="260"><subfield code="a">Saratoga Springs, N.Y. :</subfield><subfield code="b">J.A. &amp; A. Corey</subfield></datafield><datafield ind1=" " ind2=" " tag="300"><subfield code="a">v.</subfield></datafield><datafield ind1=" " ind2=" " tag="310"><subfield code="a">Daily (except Sunday)</subfield></datafield><datafield ind1=" " ind2=" " tag="580"><subfield code="a">Weekly editions: Saratoga Republican (Saratoga Springs, N.Y. : 1844), &lt;1851-1852&gt;; and: Saratoga weekly Republican, &lt;1854-1858&gt;</subfield></datafield><datafield ind1=" " ind2=" " tag="588"><subfield code="a">Description based on: Vol. 8, no. 40 (Aug. 8, 1851).</subfield></datafield><datafield ind1=" " ind2="0" tag="651"><subfield code="a">Saratoga Springs (N.Y.)</subfield><subfield code="v">Newspapers.</subfield></datafield><datafield ind1=" " ind2="7" tag="655"><subfield code="a">Newspapers.</subfield><subfield code="2">fast</subfield><subfield code="0">(OCoLC)fst01423814</subfield></datafield><datafield ind1=" " ind2="7" tag="651"><subfield code="a">New York (State)</subfield><subfield code="z">Saratoga Springs.</subfield><subfield code="2">fast</subfield><subfield code="0">(OCoLC)fst01206823</subfield></datafield><datafield ind1=" " ind2=" " tag="752"><subfield code="a">United States</subfield><subfield code="b">New York</subfield><subfield code="c">Saratoga</subfield><subfield code="d">Saratoga Springs.</subfield></datafield><datafield ind1="1" ind2=" " tag="775"><subfield code="t">Saratoga Republican (Saratoga Springs, N.Y. : 1844)</subfield><subfield code="w">(DLC)sn 84035876</subfield><subfield code="w">(OCoLC)11474689</subfield></datafield><datafield ind1="1" ind2=" " tag="775"><subfield code="t">Saratoga weekly Republican</subfield><subfield code="w">(DLC)sn 84031702</subfield><subfield code="w">(OCoLC)11168187</subfield></datafield><datafield ind1="0" ind2="0" tag="780"><subfield code="t">Daily Saratoga Republican</subfield><subfield code="w">(DLC)sn 84031959</subfield><subfield code="w">(OCoLC)11488446</subfield></datafield></record>